%YAML 1.1
%TAG !u! tag:unity3d.com,2011:
--- !u!1 &3980565228215553771
GameObject:
  m_ObjectHideFlags: 0
  m_CorrespondingSourceObject: {fileID: 0}
  m_PrefabInstance: {fileID: 0}
  m_PrefabAsset: {fileID: 0}
  serializedVersion: 6
  m_Component:
  - component: {fileID: 3980565228215553772}
  - component: {fileID: 7001308756825558624}
  - component: {fileID: 5556178884459813765}
  - component: {fileID: -2400174291797858412}
  m_Layer: 0
  m_Name: SmallFishPrefab
  m_TagString: Untagged
  m_Icon: {fileID: 0}
  m_NavMeshLayer: 0
  m_StaticEditorFlags: 0
  m_IsActive: 1
--- !u!4 &3980565228215553772
Transform:
  m_ObjectHideFlags: 0
  m_CorrespondingSourceObject: {fileID: 0}
  m_PrefabInstance: {fileID: 0}
  m_PrefabAsset: {fileID: 0}
  m_GameObject: {fileID: 3980565228215553771}
  m_LocalRotation: {x: 0, y: 0, z: 0, w: 1}
  m_LocalPosition: {x: 0, y: 0, z: 0}
  m_LocalScale: {x: 1, y: 1, z: 1}
  m_Children:
  - {fileID: 6038483227427194527}
  m_Father: {fileID: 0}
  m_RootOrder: 0
  m_LocalEulerAnglesHint: {x: 0, y: 0, z: 0}
--- !u!114 &7001308756825558624
MonoBehaviour:
  m_ObjectHideFlags: 0
  m_CorrespondingSourceObject: {fileID: 0}
  m_PrefabInstance: {fileID: 0}
  m_PrefabAsset: {fileID: 0}
  m_GameObject: {fileID: 3980565228215553771}
  m_Enabled: 1
  m_EditorHideFlags: 0
  m_Script: {fileID: 11500000, guid: d54684eec1dd4205b67dcf2227f8970c, type: 3}
  m_Name: 
  m_EditorClassIdentifier: 
  modelGroup: {fileID: 6038483227427194527}
--- !u!65 &5556178884459813765
BoxCollider:
  m_ObjectHideFlags: 0
  m_CorrespondingSourceObject: {fileID: 0}
  m_PrefabInstance: {fileID: 0}
  m_PrefabAsset: {fileID: 0}
  m_GameObject: {fileID: 3980565228215553771}
  m_Material: {fileID: 0}
  m_IsTrigger: 1
  m_Enabled: 1
  serializedVersion: 2
  m_Size: {x: 0.5, y: 0.5, z: 0.5}
  m_Center: {x: 0, y: 0.5, z: 0}
--- !u!114 &-2400174291797858412
MonoBehaviour:
  m_ObjectHideFlags: 0
  m_CorrespondingSourceObject: {fileID: 0}
  m_PrefabInstance: {fileID: 0}
  m_PrefabAsset: {fileID: 0}
  m_GameObject: {fileID: 3980565228215553771}
  m_Enabled: 1
  m_EditorHideFlags: 0
  m_Script: {fileID: 11500000, guid: f1d55c079a9c48ffb8c0d1d39baa9f95, type: 3}
  m_Name: 
  m_EditorClassIdentifier: 
  rotateSpeed: 45
  direction: {x: 0, y: 1, z: 0}
--- !u!1 &7283328142379764028
GameObject:
  m_ObjectHideFlags: 0
  m_CorrespondingSourceObject: {fileID: 0}
  m_PrefabInstance: {fileID: 0}
  m_PrefabAsset: {fileID: 0}
  serializedVersion: 6
  m_Component:
  - component: {fileID: 6038483227427194527}
  m_Layer: 0
  m_Name: ModelGroup
  m_TagString: Untagged
  m_Icon: {fileID: 0}
  m_NavMeshLayer: 0
  m_StaticEditorFlags: 0
  m_IsActive: 1
--- !u!4 &6038483227427194527
Transform:
  m_ObjectHideFlags: 0
  m_CorrespondingSourceObject: {fileID: 0}
  m_PrefabInstance: {fileID: 0}
  m_PrefabAsset: {fileID: 0}
  m_GameObject: {fileID: 7283328142379764028}
  m_LocalRotation: {x: 0, y: 0, z: 0, w: 1}
  m_LocalPosition: {x: 0, y: 0, z: 0}
  m_LocalScale: {x: 1, y: 1, z: 1}
  m_Children:
  - {fileID: 7133809646123939796}
  m_Father: {fileID: 3980565228215553772}
  m_RootOrder: 0
  m_LocalEulerAnglesHint: {x: 0, y: 0, z: 0}
--- !u!1001 &7244844219876347967
PrefabInstance:
  m_ObjectHideFlags: 0
  serializedVersion: 2
  m_Modification:
    m_TransformParent: {fileID: 6038483227427194527}
    m_Modifications:
    - target: {fileID: -8679921383154817045, guid: 40e081721a411bf4f8ad0515d536ea93, type: 3}
      propertyPath: m_RootOrder
      value: 0
      objectReference: {fileID: 0}
    - target: {fileID: -8679921383154817045, guid: 40e081721a411bf4f8ad0515d536ea93, type: 3}
      propertyPath: m_LocalScale.x
      value: 0.4195731
      objectReference: {fileID: 0}
    - target: {fileID: -8679921383154817045, guid: 40e081721a411bf4f8ad0515d536ea93, type: 3}
      propertyPath: m_LocalScale.y
      value: 0.4195731
      objectReference: {fileID: 0}
    - target: {fileID: -8679921383154817045, guid: 40e081721a411bf4f8ad0515d536ea93, type: 3}
      propertyPath: m_LocalScale.z
      value: 0.4195731
      objectReference: {fileID: 0}
    - target: {fileID: -8679921383154817045, guid: 40e081721a411bf4f8ad0515d536ea93, type: 3}
      propertyPath: m_LocalPosition.x
      value: 0
      objectReference: {fileID: 0}
    - target: {fileID: -8679921383154817045, guid: 40e081721a411bf4f8ad0515d536ea93, type: 3}
      propertyPath: m_LocalPosition.y
      value: 0.256
      objectReference: {fileID: 0}
    - target: {fileID: -8679921383154817045, guid: 40e081721a411bf4f8ad0515d536ea93, type: 3}
      propertyPath: m_LocalPosition.z
      value: 0
      objectReference: {fileID: 0}
    - target: {fileID: -8679921383154817045, guid: 40e081721a411bf4f8ad0515d536ea93, type: 3}
      propertyPath: m_LocalRotation.w
      value: 1
      objectReference: {fileID: 0}
    - target: {fileID: -8679921383154817045, guid: 40e081721a411bf4f8ad0515d536ea93, type: 3}
      propertyPath: m_LocalRotation.x
      value: -0
      objectReference: {fileID: 0}
    - target: {fileID: -8679921383154817045, guid: 40e081721a411bf4f8ad0515d536ea93, type: 3}
      propertyPath: m_LocalRotation.y
      value: -0
      objectReference: {fileID: 0}
    - target: {fileID: -8679921383154817045, guid: 40e081721a411bf4f8ad0515d536ea93, type: 3}
      propertyPath: m_LocalRotation.z
      value: -0
      objectReference: {fileID: 0}
    - target: {fileID: -8679921383154817045, guid: 40e081721a411bf4f8ad0515d536ea93, type: 3}
      propertyPath: m_LocalEulerAnglesHint.x
      value: 0
      objectReference: {fileID: 0}
    - target: {fileID: -8679921383154817045, guid: 40e081721a411bf4f8ad0515d536ea93, type: 3}
      propertyPath: m_LocalEulerAnglesHint.y
      value: 0
      objectReference: {fileID: 0}
    - target: {fileID: -8679921383154817045, guid: 40e081721a411bf4f8ad0515d536ea93, type: 3}
      propertyPath: m_LocalEulerAnglesHint.z
      value: 0
      objectReference: {fileID: 0}
    - target: {fileID: 919132149155446097, guid: 40e081721a411bf4f8ad0515d536ea93, type: 3}
      propertyPath: m_Name
      value: fish
      objectReference: {fileID: 0}
    m_RemovedComponents: []
  m_SourcePrefab: {fileID: 100100000, guid: 40e081721a411bf4f8ad0515d536ea93, type: 3}
--- !u!4 &7133809646123939796 stripped
Transform:
  m_CorrespondingSourceObject: {fileID: -8679921383154817045, guid: 40e081721a411bf4f8ad0515d536ea93, type: 3}
  m_PrefabInstance: {fileID: 7244844219876347967}
  m_PrefabAsset: {fileID: 0}
